@online{httpd, 
	Title = {PÃ¡gina Oficial de Apache Server},
	year = {Consultado el \today},
	note = {\url{http://httpd.apache.org/}},
} 
