@online{Historia1,
	Title = {The Apache Story},
	author = {Brian Behlendorf},
	year = {Consultado el \today},
	note = {\url{http://es.wikipedia.org/wiki/Brian_Behlendorf}},
}

@online{apache1,
	Title = {Apache Cookbook},
	author = {Ken Coar and Rich Bowen},
	year = {Consultado el \today},
	note = {\url{http://bencore.ugr.es/iii/encore/record/C__Rb1735070__Sapache%20cookbook__Orightresult__U__X6?lang=spi&suite=pearl}},
}

@online{apache2,
	Title = {LA BIBLIA DEL SERVIDOR APACHE 2},
	author = {Mohammed J. Kabir},
	year = {Consultado el \today},
	note = {\url{https://yexia.files.wordpress.com/2010/09/mohammed-j-kabir-la-biblia-del-servidor-apache-21.pdf}},
}

@online{directivas,
	Title = {Guía Rápida de referencia de Directivas},
	author = {The Apache Fundation},
	year = {Consultado el \today},
	note = {\url{http://httpd.apache.org/docs/2.4/mod/quickreference.html}},
}
